@article{EEG,
    author = {Berger H},
    title = {Ueber das Elektroenkephalogramm des Menschen},
    journal = {Arch. Psychiat. Nervenkr.},
    pages = {527--570},
    year = {1929},
    langid = {deutsche}
}

@article{EEG_app1,
  author          = {He Y, Eguren D, Azorin J M},
  journal         = {J.Neural},
  number          = {15},
  title           = {Brain-machine interfaces for controlling lower-limb powered robotic systens},
  year            = {2018},
  language        = {english}
}

@article{EEG_app2,
  author          = {Motamedi-Fakhr S, Moshrefi-Torbati M, Hill M Etc.},
  journal         = {Biomed. Signal Process. Control},
  title           = {SIgnal processing techniques applied to human sleep EEG signals -- a review},
  pages           = {21--33},
  year            = {2014},
  language        = {english}
}

@article{EEG_app3,
    author = {Chen G},
    title = {utomatic EEG seizure detection using dual-tree complex wavelet-Fourier features},
    journal = {Expert Syst. Appl.},
    year = {2014},
    langid = {english}
}

@article{emotion_class1,
  author          = {Hanjie Liu, Jinren Zhang, Qingshan Liu Etc.},
  journal         = {Neural Networks},
  title           = {Minimum spanning tree based graph neural network for emotion classification using EEG},
  volume          = {145},
  year            = {2022},
  pages           = {308-318}
}

@article{emotion_class2,
  author          = {Alexander Craik, Yongtian He Etc.},
  journal         = {Journal of Neural Engineering},
  number          = {031001},
  title           = {Deep learning for electroencephalogram (EEG) classification tasks: a review},
  volume          = {16},
  year            = {2019}
}

@article{Sternberg_item_recognition,
  author          = {Saul Sternberg},
  journal         = {Science.},
  number          = {3736},
  title           = {High-Speed Scanning in Human Memory},
  volume          = {153},
  pages           = {652--654},
  year            = {1966}
}

@article{sternberg_paradigm,
  author          = {Julian Klabes, Sebastian Babilon, Babak Zandi Etc.},
  journal         = {Vision},
  number          = {5020021},
  title           = {The Sternberg Paradigm: Correcting Encoding Latencies in Visual and Auditory Test Designs},
  volume          = {5(2)},
  year            = {2021}
}

@article{paradigm_1,
  author          = {Jensen Etc.},
  journal         = {Cereb Cortex.},
  title           = {Oscillations in the alpha band 9-12 Hz increase with memory load during
  retention in a short-term memory task},
  number          = {12(8)},
  year            = {2002}
}
@article{paradigm_2,
  author          = {Wolach and Pratt},
  journal         = {Clinical neurophysiology},
  number          = {112(1)},
  title           = {The mode of short-term memory encoding as indicated by event-related
  potentials in a memory scanning task with distractions},
  year            = {2001}
}

@article{paradigm_3,
  author          = {Bart Rypma Etc.},
  journal         = {Cortex},
  title           = {Dissociating Age-related Changes in Cognitive Strategy and Neural
  Efficiency Using Event- related fMRI},
  volume          = {41},
  pages           = {582--594},
  year            = {2005}
}

@article{paradigm_4,
  author          = {Corbin and Marquer},
  journal         = {Swiss Journal of Psychology},
  number          = {181},
  title           = {Is Sternberg's Memory Scanning Task Really a Short-Term Memory Task?},
  volume          = {72(4)},
  year            = {2013}
}

@article{paradigm_5,
  author          = {Slade, Blumhardt and Sharma},
  journal         = {Clinical neurophysiology},
  number          = {1531-43},
  title           = {Working memory dysfunction in major depression: An event-related potential study},
  volume          = {111(9)},
  year            = {2000}
}

@article{paradigm_6,
  author          = {Catherine J Archibald  1 , Xingchang Wei, James N Scott Etc.},
  journal         = {Comparative Study},
  number          = {1526-34},
  title           = {Posterior fossa lesion volume and slowed information processing in multiple sclerosis},
  volume          = {127(7)},
  year            = {2004}
}

@article{paradigm_7,
  author          = {Verster J C, Volkerts E R, Verbaten M N},
  journal         = {Neuropsychopharmacology},
  title           = {Effects of alprazolam on driving ability, memory functioning and psychomotor
  performance: a randomized, placebo-controlled study. },
  volume          = {27},
  pages           = {260--269},
  year            = {2002}
}

@article{MNE,
  author          = {Mainak Jas, Denis A. Engemann, Yousra Bekhti Etc.},
  journal         = {Neuroimage},
  number          = {159},
  title           = {Autoreject: Automated artifact rejection for MEG and EEG data},
  pages           = {417--429},
  year            = {2017}
}

@inbook{morse74,
    author = "Морз, Р.",
    title = "Бесстолкновительный PIC-метод",
    booktitle = "Вычислительные методы в физике плазмы",
    editor = "Олдера, Б. and Фернбаха, С. and Ротенберга, М.",
    publisher = "М.: Мир",
    year = 1974,
    langid = "russian"
}

@conference{kiselyov14_conf,
    author = "Киселёв, А. А. and Долгоносов М. С. and Красовский В. Л.",
    title = "Численное моделирование захвата ионов бесстолкновительной плазмы электрическим полем поглощающей сферы",
    booktitle = "Девятая ежегодная конференция <<Физика плазмы в Солнечной системе>>",
    year = 2014,
    langid = "russian"
}